@article{yesilyurt2017anomalous,
  title={Anomalous tunneling characteristic of Weyl semimetals with tilted energy dispersion},
  author={Yesilyurt, Can and Siu, Zhuo Bin and Tan, Seng Ghee and Liang, Gengchiau and Yang, Shengyuan A and Jalil, Mansoor BA},
  journal={Applied Physics Letters},
  volume={111},
  number={6},
  pages={063101},
  year={2017},
  publisher={AIP Publishing LLC}
}

@article{yesilyurt2017conductance,
  title={Conductance modulation in Weyl semimetals with tilted energy dispersion without a band gap},
  author={Yesilyurt, Can and Siu, Zhuo Bin and Tan, Seng Ghee and Liang, Gengchiau and Jalil, Mansoor BA},
  journal={Journal of Applied Physics},
  volume={121},
  number={24},
  pages={244303},
  year={2017},
  publisher={AIP Publishing LLC}
}

@incollection{geim2010rise,
  title={The rise of graphene},
  author={Geim, Andre K and Novoselov, Konstantin S},
  booktitle={Nanoscience and technology: a collection of reviews from nature journals},
  pages={11--19},
  year={2010},
  publisher={World Scientific}
}

@article{katsnelson2006chiral,
  title={Chiral tunnelling and the Klein paradox in graphene},
  author={Katsnelson, MI and Novoselov, KS and Geim, AK},
  journal={Nature physics},
  volume={2},
  number={9},
  pages={620--625},
  year={2006},
  publisher={Nature Publishing Group}
}

@article{yesilyurt2016klein,
  title={Klein tunneling in Weyl semimetals under the influence of magnetic field},
  author={Yesilyurt, Can and Tan, Seng Ghee and Liang, Gengchiau and Jalil, Mansoor BA},
  journal={Scientific reports},
  volume={6},
  pages={38862},
  year={2016},
  publisher={Nature Publishing Group}
}

@article{awschalom2009trend,
  title={Trend: Spintronics without magnetism},
  author={Awschalom, David and Samarth, Nitin},
  journal={Physics},
  volume={2},
  pages={50},
  year={2009},
  publisher={APS}
}

@article{ghosh2009electron,
  title={Electron optics with magnetic vector potential barriers in graphene},
  author={Ghosh, Sankalpa and Sharma, Manish},
  journal={Journal of Physics: condensed matter},
  volume={21},
  number={29},
  pages={292204},
  year={2009},
  publisher={IOP Publishing}
}

@article{wehling2014dirac,
  title={Dirac materials},
  author={Wehling, TO and Black-Schaffer, Annica M and Balatsky, Alexander V},
  journal={Advances in Physics},
  volume={63},
  number={1},
  pages={1--76},
  year={2014},
  publisher={Taylor \& Francis}
}

@article{lu2016tilted,
  title={Tilted anisotropic Dirac cones in partially hydrogenated graphene},
  author={Lu, Hong-Yan and Cuamba, Armindo S and Lin, Shih-Yang and Hao, Lei and Wang, Rui and Li, Hai and Zhao, YuanYuan and Ting, CS},
  journal={Physical Review B},
  volume={94},
  number={19},
  pages={195423},
  year={2016},
  publisher={APS}
}

@article{zhang2017tunable,
  title={Tunable Type-I and Type-II Dirac Fermions in Graphene with Nitrogen Line Defects},
  author={Zhang, Honghong and Xie, Yuee and Zhong, Chengyong and Zhang, Zhongwei and Chen, Yuanping},
  journal={The Journal of Physical Chemistry C},
  volume={121},
  number={22},
  pages={12476--12482},
  year={2017},
  publisher={ACS Publications}
}

@article{castro2009electronic,
  title={The electronic properties of graphene},
  author={Castro Neto, Antonio H and Guinea, Francisco and Peres, Nuno Miguel R and Novoselov, Kostya S and Geim, Andre K},
  journal={RvMP},
  volume={81},
  number={1},
  pages={109--162},
  year={2009}
}
@article{wehling2014dirac,
  title={Dirac materials},
  author={Wehling, TO and Black-Schaffer, Annica M and Balatsky, Alexander V},
  journal={Advances in Physics},
  volume={63},
  number={1},
  pages={1--76},
  year={2014},
  publisher={Taylor \& Francis}
}
@article{zhou2014semimetallic,
  title={Semimetallic two-dimensional boron allotrope with massless Dirac fermions},
  author={Zhou, Xiang-Feng and Dong, Xiao and Oganov, Artem R and Zhu, Qiang and Tian, Yongjun and Wang, Hui-Tian},
  journal={Physical Review Letters},
  volume={112},
  number={8},
  pages={085502},
  year={2014},
  publisher={APS}
}
@article{nguyen2018klein,
  title={Klein tunneling and electron optics in Dirac-Weyl fermion systems with tilted energy dispersion},
  author={Nguyen, V Hung and Charlier, J-C},
  journal={Physical Review B},
  volume={97},
  number={23},
  pages={235113},
  year={2018},
  publisher={APS}
}
@article{padilha2016directional,
  title={Directional dependence of the electronic and transport properties of 2D borophene and borophane},
  author={Padilha, Jos{\'e} Eduardo and Miwa, Roberto Hiroki and Fazzio, Adalberto},
  journal={Physical Chemistry Chemical Physics},
  volume={18},
  number={36},
  pages={25491--25496},
  year={2016},
  publisher={Royal Society of Chemistry}
}
@article{cheng2017anisotropic,
  title={Anisotropic carrier mobility in two-dimensional materials with tilted Dirac cones: theory and application},
  author={Cheng, Ting and Lang, Haifeng and Li, Zhenzhu and Liu, Zhongfan and Liu, Zhirong},
  journal={Physical Chemistry Chemical Physics},
  volume={19},
  number={35},
  pages={23942--23950},
  year={2017},
  publisher={Royal Society of Chemistry}
}
@article{awschalom2009trend,
  title={Trend: Spintronics without magnetism},
  author={Awschalom, David and Samarth, Nitin},
  journal={Physics},
  volume={2},
  pages={50},
  year={2009},
  publisher={APS}
}

@article{rahman2015angle,
  title={Angle-dependent transmission in graphene heterojunctions},
  author={Rahman, Atikur and Guikema, Janice Wynn and Hassan, Nora M and Markovi{\'c}, Nina},
  journal={Applied Physics Letters},
  volume={106},
  number={1},
  pages={013112},
  year={2015},
  publisher={AIP Publishing LLC}
}

@article{young2009quantum,
  title={Quantum interference and Klein tunnelling in graphene heterojunctions},
  author={Young, Andrea F and Kim, Philip},
  journal={Nature Physics},
  volume={5},
  number={3},
  pages={222--226},
  year={2009},
  publisher={Nature Publishing Group}
}

@article{zhang2018oblique,
  title={Oblique Klein tunneling in 8- P m m n borophene p- n junctions},
  author={Zhang, Shu-Hui and Yang, Wen},
  journal={Physical Review B},
  volume={97},
  number={23},
  pages={235440},
  year={2018},
  publisher={APS}
}

@article{liu2015gate,
  title={Gate-tunable quantum oscillations in ambipolar Cd 3 As 2 thin films},
  author={Liu, Yanwen and Zhang, Cheng and Yuan, Xiang and Lei, Tang and Wang, Chao and Di Sante, Domenico and Narayan, Awadhesh and He, Liang and Picozzi, Silvia and Sanvito, Stefano and others},
  journal={NPG Asia Materials},
  volume={7},
  number={10},
  pages={e221--e221},
  year={2015},
  publisher={Nature Publishing Group}
}

@article{huard2007transport,
  title={Transport measurements across a tunable potential barrier in graphene},
  author={Huard, B and Sulpizio, JA and Stander, N and Todd, K and Yang, B and Goldhaber-Gordon, D},
  journal={Physical review letters},
  volume={98},
  number={23},
  pages={236803},
  year={2007},
  publisher={APS}
}